@article{essen_human_2012,
	author = {Van Essen, D.C. and Ugurbil, K. and Auerbach, E. and Barch, D. and Behrens, T.E.J. and Bucholz, R. and Chang, A. and Chen, L. and Corbetta, M. and Curtiss, S.W. and Della Penna, S. and Feinberg, D. and Glasser, M.F. and Harel, N. and Heath, A.C. and Larson-Prior, L. and Marcus, D. and Michalareas, G. and Moeller, S. and Oostenveld, R. and Petersen, S.E. and Prior, F. and Schlaggar, B.L. and Smith, S.M. and Snyder, A.Z. and Xu, J. and Yacoub, E.},
	doi = {10.1016/j.neuroimage.2012.02.018},
	issn = {1053-8119},
	journal = {NeuroImage},
	number = 4,
	pages = {2222-2231},
	shorttitle = {Connectivity Connectivity},
	title = {The Human Connectome Project: A data acquisition perspective},
	url = {http://www.sciencedirect.com/science/article/pii/S1053811912001954},
	volume = 62,
	year = 2012
}

@article{basser_in_2000,
	author = {Basser, Peter J. and Pajevic, Sinisa and Pierpaoli, Carlo and Duda, Jeffrey and Aldroubi, Akram},
	copyright = {Published 2000 Wiley-Liss, Inc.},
	doi = {10.1002/1522-2594(200010)44:4{	extless}625::AID-MRM17{	extgreater}3.0.CO;2-O},
	issn = {1522-2594},
	journal = {Magn Reson Med},
	language = {en},
	number = 4,
	pages = {625-632},
	title = {In vivo fiber tractography using DT-MRI data},
	url = {http://onlinelibrary.wiley.com/doi/10.1002/1522-2594(200010)44:4{	extless}625::AID-MRM17{	extgreater}3.0.CO;2-O/abstract},
	volume = 44,
	year = 2000
}

@article{alexander_analysis_2001,
	author = {Alexander, A L and Hasan, K M and Lazar, M and Tsuruda, J S and Parker, D L},
	doi = {10.1002/mrm.1105},
	journal = {Magn Reson Med},
	number = 5,
	pages = {770-780},
	series = 45,
	title = {Analysis of partial volume effects in diffusion-tensor MRI},
	volume = 45,
	year = 2001
}

@article{fillard_quantitative_2011,
	author = {Fillard, Pierre and Descoteaux, Maxime and Goh, Alvina and Gouttard, Sylvain and Jeurissen, Ben and Malcolm, James and Ramirez-Manzanares, Alonso and Reisert, Marco and Sakaie, Ken and Tensaouti, Fatima and Yo, Ting and Mangin, Jean-François and Poupon, Cyril},
	doi = {10.1016/j.neuroimage.2011.01.032},
	issn = {1053-8119},
	journal = {NeuroImage},
	number = 1,
	pages = {220-234},
	title = {Quantitative evaluation of 10 tractography algorithms on a realistic diffusion MR phantom},
	url = {http://www.sciencedirect.com/science/article/pii/S105381191100067X},
	volume = 56,
	year = 2011
}

@article{assaf_composite_2005,
	author = {Assaf, Yaniv and Basser, Peter J.},
	doi = {10.1016/j.neuroimage.2005.03.042},
	issn = {1053-8119},
	journal = {NeuroImage},
	number = 1,
	pages = {48-58},
	shorttitle = {CHARMED},
	title = {Composite hindered and restricted model of diffusion (CHARMED) MR imaging of the human brain},
	url = {http://www.sciencedirect.com/science/article/pii/S1053811905002259},
	volume = 27,
	year = 2005
}

@article{cote_tractometer_2013,
	author = {Côté, Marc-Alexandre and Girard, Gabriel and Boré, Arnaud and Garyfallidis, Eleftherios and Houde, Jean-Christophe and Descoteaux, Maxime},
	doi = {10.1016/j.media.2013.03.009},
	issn = {1361-8415},
	journal = {Med Image Anal},
	number = 7,
	pages = {844-857},
	shorttitle = {Tractometer},
	title = {Tractometer: Towards Validation of Tractography Pipelines},
	url = {http://www.sciencedirect.com/science/article/pii/S1361841513000479},
	volume = 17,
	year = 2013
}

@article{wilkins_fiber_2014,
	author = {Wilkins, Bryce and Lee, Namgyun and Gajawelli, Niharika and Law, Meng and Leporé, Natasha},
	doi = {10.1016/j.neuroimage.2014.12.060},
	issn = {1095-9572},
	journal = {NeuroImage},
	shorttitle = {Fiber estimation and tractography in diffusion MRI},
	title = {Fiber estimation and tractography in diffusion MRI: Development of simulated brain images and comparison of multi-fiber analysis methods at clinical b-values},
	year = 2014
}

@article{fieremans_simulation_2008,
	author = {Fieremans, Els and De Deene, Yves and Delputte, Steven and Özdemir, Mahir S. and D’Asseler, Yves and Vlassenbroeck, Jelle and Deblaere, Karel and Achten, Eric and Lemahieu, Ignace},
	doi = {10.1016/j.jmr.2007.10.014},
	issn = {1090-7807},
	journal = {J Magn Reson},
	number = 2,
	pages = {189-199},
	title = {Simulation and experimental verification of the diffusion in an anisotropic fiber phantom},
	url = {http://www.sciencedirect.com/science/article/pii/S109078070700328X},
	volume = 190,
	year = 2008
}

@article{perrin_validation_2005,
	author = {Perrin, Muriel and Poupon, Cyril and Rieul, Bernard and Leroux, Patrick and Constantinesco, André and Mangin, Jean-François and LeBihan, Denis},
	copyright = {© 2005 The Royal Society},
	doi = {10.1098/rstb.2005.1650},
	issn = {0962-8436, 1471-2970},
	journal = {Philos T Roy Soc B},
	number = 1457,
	pages = {881-891},
	title = {Validation of q-ball imaging with a diffusion fibre-crossing phantom on a clinical scanner},
	url = {http://rstb.royalsocietypublishing.org/content/360/1457/881},
	volume = 360,
	year = 2005
}

@article{glasser_minimal_2013,
	author = {Glasser, Matthew F. and Sotiropoulos, Stamatios N. and Wilson, J. Anthony and Coalson, Timothy S. and Fischl, Bruce and Andersson, Jesper L. and Xu, Junqian and Jbabdi, Saad and Webster, Matthew and Polimeni, Jonathan R. and Van Essen, David C. and Jenkinson, Mark},
	doi = {10.1016/j.neuroimage.2013.04.127},
	issn = {1053-8119},
	journal = {NeuroImage},
	pages = {105-124},
	series = {Mapping the Connectome},
	title = {The minimal preprocessing pipelines for the Human Connectome Project},
	url = {http://www.sciencedirect.com/science/article/pii/S1053811913005053},
	volume = 80,
	year = 2013
}

@article{tournier_resolving_2008,
	author = {Tournier, J. -Donald and Yeh, Chun-Hung and Calamante, Fernando and Cho, Kuan-Hung and Connelly, Alan and Lin, Ching-Po},
	doi = {10.1016/j.neuroimage.2008.05.002},
	issn = {1053-8119},
	journal = {NeuroImage},
	number = 2,
	pages = {617-625},
	shorttitle = {Resolving crossing fibres using constrained spherical deconvolution},
	title = {Resolving crossing fibres using constrained spherical deconvolution: Validation using diffusion-weighted imaging phantom data},
	url = {http://www.sciencedirect.com/science/article/pii/S1053811908006150},
	volume = 42,
	year = 2008
}

@article{campbell_flowbased_2005,
	author = {Campbell, Jennifer S. W. and Siddiqi, Kaleem and Rymar, Vladimir V. and Sadikot, Abbas F. and Pike, G. Bruce},
	doi = {10.1016/j.neuroimage.2005.05.014},
	issn = {1053-8119},
	journal = {NeuroImage},
	number = 4,
	pages = {725-736},
	shorttitle = {Flow-based fiber tracking with diffusion tensor and q-ball data},
	title = {Flow-based fiber tracking with diffusion tensor and q-ball data: Validation and comparison to principal diffusion direction techniques},
	url = {http://www.sciencedirect.com/science/article/pii/S1053811905003411},
	volume = 27,
	year = 2005
}

@article{tournier_limitations_2002,
	author = {Tournier, J.-D. and Calamante, F. and King, M.d. and Gadian, D.g. and Connelly, A.},
	copyright = {Copyright © 2002 Wiley-Liss, Inc.},
	doi = {10.1002/mrm.10116},
	issn = {1522-2594},
	journal = {Magn Reson Med},
	language = {en},
	number = 4,
	pages = {701-708},
	shorttitle = {Limitations and requirements of diffusion tensor fiber tracking},
	title = {Limitations and requirements of diffusion tensor fiber tracking: An assessment using simulations},
	url = {http://onlinelibrary.wiley.com/doi/10.1002/mrm.10116/abstract},
	volume = 47,
	year = 2002
}

@inproceedings{caruyer_phantomas_2014,
	address = {Milano, Italy},
	author = {Caruyer, Emmanuel and Daducci, Alessandro and Descoteaux, Maxime and Houde, Jean-Christophe and Thiran, Jean-Philippe and Verma, Ragini},
	booktitle = {ISMRM},
	title = {Phantomas: a flexible software library to simulate diffusion MR phantoms},
	volume = 23,
	year = 2014
}

@article{close_software_2009,
	author = {Close, Thomas G and Tournier, Jacques-Donald and Calamante, Fernando and Johnston, Leigh A and Mareels, Iven and Connelly, Alan},
	doi = {10.1016/j.neuroimage.2009.03.077},
	issn = {1095-9572},
	journal = {NeuroImage},
	number = 4,
	pages = {1288-1300},
	title = {A software tool to generate simulated white matter structures for the assessment of fibre-tracking algorithms},
	volume = 47,
	year = 2009
}

@inproceedings{neher_fiberfox_2014,
	address = {Nagoya, Japan},
	author = {Neher, Peter F. and Laun, Frederik B. and Stieltjes, Bram and Maier-Hein, Klaus H.},
	booktitle = {MICCAI},
	copyright = {©2014 Springer International Publishing Switzerland},
	doi = {10.1007/978-3-319-02475-2\_10},
	isbn = {978-3-319-02474-5, 978-3-319-02475-2},
	language = {en},
	pages = {105-113},
	series = {Mathematics and Visualization},
	shorttitle = {Fiberfox},
	title = {Fiberfox: An Extensible System for Generating Realistic White Matter Software Phantoms},
	url = {http://link.springer.com/chapter/10.1007/978-3-319-02475-2\_10},
	volume = 22,
	year = 2014
}

@article{goessl_fiber_2002,
	author = {Gössl, C. and Fahrmeir, L. and Pütz, B. and Auer, L. M. and Auer, D. P.},
	doi = {10.1006/nimg.2002.1055},
	issn = {1053-8119},
	journal = {NeuroImage},
	number = 2,
	pages = {378-388},
	shorttitle = {Fiber Tracking from DTI Using Linear State Space Models},
	title = {Fiber Tracking from DTI Using Linear State Space Models: Detectability of the Pyramidal Tract},
	url = {http://www.sciencedirect.com/science/article/pii/S1053811902910554},
	volume = 16,
	year = 2002
}

@article{tuch_high_2002,
	author = {Tuch, David and Reese, Timothy and Wiegell, Mette and Makris, Nikos and Belliveau, John and Wedeen, Van},
	doi = {10.1002/mrm.10268},
	journal = {Magn Reson Med},
	number = 4,
	pages = {577-582},
	title = {High angular resolution diffusion imaging reveals intravoxel white matter fiber heterogeneity},
	volume = 48,
	year = 2002
}

@article{poupon_new_2008,
	author = {Poupon, Cyril and Rieul, Bernard and Kezele, Irina and Perrin, Muriel and Poupon, Fabrice and Mangin, Jean-François},
	copyright = {Copyright © 2008 Wiley-Liss, Inc.},
	doi = {10.1002/mrm.21789},
	issn = {1522-2594},
	journal = {Magn Reson Med},
	language = {en},
	number = 6,
	pages = {1276-1283},
	title = {New diffusion phantoms dedicated to the study and validation of high-angular-resolution diffusion imaging (HARDI) models},
	url = {http://onlinelibrary.wiley.com/doi/10.1002/mrm.21789/abstract},
	volume = 60,
	year = 2008
}

@article{leemans_mathematical_2005,
	author = {Leemans, A. and Sijbers, J. and Verhoye, M. and Van der Linden, A. and Van Dyck, D.},
	copyright = {Copyright © 2005 Wiley-Liss, Inc.},
	doi = {10.1002/mrm.20418},
	issn = {1522-2594},
	journal = {Magn Reson Med},
	language = {en},
	number = 4,
	pages = {944-953},
	title = {Mathematical framework for simulating diffusion tensor MR neural fiber bundles},
	url = {http://onlinelibrary.wiley.com/doi/10.1002/mrm.20418/abstract},
	volume = 53,
	year = 2005
}

@article{lin_validation_2001,
	author = {Lin, Ching-Po and Tseng, Wen-Yih Isaac and Cheng, Hui-Cheng and Chen, Jyh-Horng},
	doi = {10.1006/nimg.2001.0882},
	issn = {1053-8119},
	journal = {NeuroImage},
	number = 5,
	pages = {1035-1047},
	title = {Validation of Diffusion Tensor Magnetic Resonance Axonal Fiber Imaging with Registered Manganese-Enhanced Optic Tracts},
	url = {http://www.sciencedirect.com/science/article/pii/S1053811901908821},
	volume = 14,
	year = 2001
}

@article{zhang_segmentation_2001,
	author = {Zhang, Y. and Brady, M. and Smith, S.},
	doi = {10.1109/42.906424},
	issn = {0278-0062},
	journal = {IEEE Trans Med Imag},
	number = 1,
	pages = {45-57},
	title = {Segmentation of brain MR images through a hidden Markov random field model and the expectation-maximization algorithm},
	volume = 20,
	year = 2001
}

@article{jbabdi_modelbased_2012,
	author = {Jbabdi, Saad and Sotiropoulos, Stamatios N. and Savio, Alexander M. and Graña, Manuel and Behrens, Timothy E. J.},
	copyright = {Copyright © 2012 Wiley Periodicals, Inc.},
	doi = {10.1002/mrm.24204},
	issn = {1522-2594},
	journal = {Magn Reson Med},
	language = {en},
	number = 6,
	pages = {1846-1855},
	shorttitle = {Model-based analysis of multishell diffusion MR data for tractography},
	title = {Model-based analysis of multishell diffusion MR data for tractography: How to get over fitting problems},
	url = {http://onlinelibrary.wiley.com/doi/10.1002/mrm.24204/abstract},
	volume = 68,
	year = 2012
}

@article{caruyer_design_2013,
	author = {Caruyer, Emmanuel and Lenglet, Christophe and Sapiro, Guillermo and Deriche, Rachid},
	copyright = {Copyright © 2012 Wiley Periodicals, Inc.},
	doi = {10.1002/mrm.24736},
	issn = {1522-2594},
	journal = {Magn Reson Med},
	language = {en},
	number = 6,
	pages = {1534-1540},
	title = {Design of multishell sampling schemes with uniform coverage in diffusion MRI},
	url = {http://onlinelibrary.wiley.com/doi/10.1002/mrm.24736/abstract},
	volume = 69,
	year = 2013
}

@article{tournier_mrtrix_2012,
	author = {Tournier, J-Donald and Calamante, Fernando and Connelly, Alan},
	copyright = {Copyright © 2011 Wiley Periodicals, Inc.},
	doi = {10.1002/ima.22005},
	issn = {1098-1098},
	journal = {Int J Imag Syst Tech},
	language = {en},
	number = 1,
	pages = {53-66},
	shorttitle = {MRtrix},
	title = {MRtrix: Diffusion tractography in crossing fiber regions},
	url = {http://onlinelibrary.wiley.com/doi/10.1002/ima.22005/abstract},
	volume = 22,
	year = 2012
}

@article{gorgolewski_nipype_2011,
	author = {Gorgolewski, K. and Burns, C. D. and Madison, C. and Clark, D. and Halchenko, Y. O. and Waskom, M. L. and Ghosh, S.},
	doi = {10.3389/fninf.2011.00013},
	journal = {Front Neuroinform},
	pages = 13,
	shorttitle = {Nipype},
	title = {Nipype: a flexible, lightweight and extensible neuroimaging data processing framework in Python},
	url = {http://www.frontiersin.org/Neuroinformatics/10.3389/fninf.2011.00013/abstract},
	volume = 5,
	year = 2011
}

@article{griffa_structural_2013,
	author = {Griffa, Alessandra and Baumann, Philipp S. and Thiran, Jean-Philippe and Hagmann, Patric},
	doi = {10.1016/j.neuroimage.2013.04.056},
	issn = {1053-8119},
	journal = {NeuroImage},
	pages = {515-526},
	title = {Structural connectomics in brain diseases},
	url = {http://www.sciencedirect.com/science/article/pii/S1053811913004035},
	volume = 80,
	year = 2013
}

@article{sporns_human_2005,
	author = {Sporns, Olaf and Tononi, Giulio and Kötter, Rolf},
	doi = {10.1371/journal.pcbi.0010042},
	issn = {1553-7358},
	journal = {PLoS Comput. Biol.},
	number = 4,
	pages = {e42},
	shorttitle = {The human connectome},
	title = {The human connectome: A structural description of the human brain},
	volume = 1,
	year = 2005
}

@article{chua_diffusion_2008,
	author = {Chua, Terence C and Wen, Wei and Slavin, Melissa J and Sachdev, Perminder S},
	doi = {10.1097/WCO.0b013e3282f4594b},
	issn = {1350-7540},
	number = 1,
	pages = {83-92},
	shorttitle = {Diffusion tensor imaging in mild cognitive impairment and Alzheimerʼs disease},
	title = {Diffusion tensor imaging in mild cognitive impairment and Alzheimerʼs disease: a review},
	url = {http://journals.lww.com/co-neurology/Abstract/2008/02000/Diffusion\_tensor\_imaging\_in\_mild\_cognitive.14.aspx},
	volume = 21,
	year = 2008
}

@article{messe_predicting_2015,
	author = {Messé, Arnaud and Rudrauf, David and Giron, Alain and Marrelec, Guillaume},
	doi = {10.1016/j.neuroimage.2015.02.001},
	journal = {NeuroImage},
	title = {Predicting functional connectivity from structural connectivity via computational models using MRI: An extensive comparison study},
	volume = 111,
	year = 2015
}
